
@book{2019-jurafsky-martin,
	author = {Jurafsky, Dan and Martin, James H.},
	title = {Speech and Language Processing},
	year = {2019},
	note = {\url{https://web.stanford.edu/~jurafsky/slp3/}},
}

@book{2010-indurkhya-damerau,
	author = {Indurkhya, Nitin and Damerau, Fred J.},
	title = {Handbook of Natural Language Processing},
	year = {2010},
	isbn = {1420085921},
	publisher = {Chapman \& Hall/CRC},
	edition = {2nd}
}

@article{1980-porter,
	title={An algorithm for suffix stripping.},
	author={Porter, Martin F and others},
	journal={Program},
	volume={14},
	number={3},
	pages={130--137},
	year={1980},
	publisher={Citeseer}
}