@book{2019-eisenstein,
  title={Introduction to Natural Language Processing},
  author={Eisenstein, J.},
  isbn={9780262042840},
  lccn={2018059552},
  series={Adaptive Computation and Machine Learning series},
  url={https://books.google.dz/books?id=72yuDwAAQBAJ},
  year={2019},
  publisher={MIT Press}
}

@book{2018-booth,
	title={Natural Language Processing Succinctly},
	author={Booth, Joseph D.},
	year={2018},
	publisher={Syncfusion, Inc.}
}


@book{2008-tellier,
	title={Introduction au TALN et à l'ingénierie linguistique},
	author={Tellier, Isabelle},
	year={2008},
	publisher={Université de Lille3}
}

@book{2019-jurafsky-martin,
	author = {Jurafsky, Dan and Martin, James H.},
	title = {Speech and Language Processing},
	year = {2019},
	url = {https://web.stanford.edu/~jurafsky/slp3/},
}

@report{2020-smith,
	author = {Smith, Noah},
	title = {Natural Language Processing (CSE 517)},
	type = {Course},
	institution = {University of Washington},
	year = {2020},
	url = {https://courses.cs.washington.edu/courses/cse517/},
	note = {Présentations : Winter 2020},
}

@report{2020-manning-lamm,
	author = {Manning, Chris and Lamm, Matthew},
	title = {CS224n: Natural Language Processing with Deep Learning},
	type = {Course},
	institution = {Stanford university},
	year = {2020},
	url = {http://web.stanford.edu/class/cs224n/},
	note = {Présentations : Winter 2020},
}


@report{2020-black-mortensen,
	author = {Black, Alan W. and Mortensen, David},
	title = {Natural Language Processing},
	type = {Course},
	institution = {Carnegie Mellon University},
	year = {2020},
	url = {http://demo.clab.cs.cmu.edu/NLP/},
	note = {Présentations : Spring 2020},
}

@report{2018-mooney,
	author = {Mooney, Raymond J.},
	title = {CS 388: Natural Language Processing},
	type = {Course},
	institution = {University of Texas at Austin},
	year = {2018},
	url = {https://www.cs.utexas.edu/~mooney/cs388/},
	note = {Présentations : Spring 2018},
}

@book{2010-indurkhya-damerau,
	title = {Handbook of Natural Language Processing},
	year = {2010},
	editor = {Indurkhya, Nitin and Damerau, Fred J.},
	publisher = {Chapman and Hall/CRC}, 
	edition = {2nd},
	isbn = {9780429149207},
	doi = {https://doi.org/10.1201/9781420085938},
	location = {New York},
}

@thesis{2020-aries,
	author = {Aries, Abdelkrime},
	title = {Vers une amélioration des résumés automatiques de textes},
	type = {PhD.},
	institution = {Ecole nationale Supérieure d'Informatique (ESI), Alger},
	year = {2020},
	note = {Thèse de doctorat},
}



